% e.g. article
% @comment{greenwade93,
%     author  = "George D. Greenwade",
%     title   = "The {C}omprehensive {T}ex {A}rchive {N}etwork ({CTAN})",
%     year    = "1993",
%     journal = "TUGBoat",
%     volume  = "14",
%     number  = "3",
%     pages   = "342--351"
% }

@article{EventBasedVisionASurvery,
  title   = {Event-based vision: A survey},
  author  = {Gallego, Guillermo and Delbruck, Tobi and Orchard, Garrick and Bartolozzi, Chiara and Taba, Brian and Censi, Andrea and Leutenegger, Stefan and Davison, Andrew and Conradt, J{\"o}rg and Daniilidis, Kostas and others},
  journal = {arXiv preprint arXiv:1904.08405},
  year    = {2019}
}

@article{NeuralHetroPromRobLearn,
  title     = {Neural heterogeneity promotes robust learning},
  author    = {Perez-Nieves, Nicolas and Leung, Vincent CH and Dragotti, Pier Luigi and Goodman, Dan FM},
  journal   = {bioRxiv},
  pages     = {2020--12},
  year      = {2021},
  publisher = {Cold Spring Harbor Laboratory}
}

@article{GenerativeEventModel,
  title   = {Event-based camera pose tracking using a generative event model},
  author  = {Gallego, Guillermo and Forster, Christian and Mueggler, Elias and Scaramuzza, Davide},
  journal = {arXiv preprint arXiv:1510.01972},
  year    = {2015}
}

@inproceedings{BayesLaw,
  title        = {The marginalization paradox and the formal Bayes' law},
  author       = {Wallstrom, Timothy C},
  booktitle    = {AIP Conference Proceedings},
  volume       = {954},
  number       = {1},
  pages        = {93--100},
  year         = {2007},
  organization = {American Institute of Physics}
}

@inproceedings{MonteCarloLocalisation,
  title        = {Monte carlo localization for mobile robots},
  author       = {Dellaert, Frank and Fox, Dieter and Burgard, Wolfram and Thrun, Sebastian},
  booktitle    = {Proceedings 1999 IEEE International Conference on Robotics and Automation (Cat. No. 99CH36288C)},
  volume       = {2},
  pages        = {1322--1328},
  year         = {1999},
  organization = {IEEE}
}

@article{NMNIST,
  title     = {Converting static image datasets to spiking neuromorphic datasets using saccades},
  author    = {Orchard, Garrick and Jayawant, Ajinkya and Cohen, Gregory K and Thakor, Nitish},
  journal   = {Frontiers in neuroscience},
  volume    = {9},
  pages     = {437},
  year      = {2015},
  publisher = {Frontiers}
}

@article{RaoCoursera,
  title     = {Predictive coding in the visual cortex: a functional interpretation of some extra-classical receptive-field effects},
  author    = {Rao, Rajesh PN and Ballard, Dana H},
  journal   = {Nature neuroscience},
  volume    = {2},
  number    = {1},
  pages     = {79--87},
  year      = {1999},
  publisher = {Nature Publishing Group}
}

@inproceedings{UNET,
  title        = {U-net: Convolutional networks for biomedical image segmentation},
  author       = {Ronneberger, Olaf and Fischer, Philipp and Brox, Thomas},
  booktitle    = {International Conference on Medical image computing and computer-assisted intervention},
  pages        = {234--241},
  year         = {2015},
  organization = {Springer}
}

@inproceedings{spikingToVideo,
  title     = {Events-to-video: Bringing modern computer vision to event cameras},
  author    = {Rebecq, Henri and Ranftl, Ren{\'e} and Koltun, Vladlen and Scaramuzza, Davide},
  booktitle = {Proceedings of the IEEE/CVF Conference on Computer Vision and Pattern Recognition},
  pages     = {3857--3866},
  year      = {2019}
}